@book{DraperSmith,
	Address = {New York},
	Author = {Norman R. Draper and Harry Smith},
	Publisher = {Wiley},
	Title = {Applied Regression Analysis},
	Year = {1998}}
